<?xml version="1.0" encoding="UTF-8"?><collection xmlns="http://www.loc.gov/MARC21/slim"><record><leader>00395nam--2200133-i-4500</leader><controlfield tag="001">000013779</controlfield><controlfield tag="002">20161230</controlfield><controlfield tag="005">20161230201030</controlfield><controlfield tag="008">060222s1000------------r-----000-0-eng-d</controlfield><datafield ind1=" " ind2=" " tag="080"><subfield code="a">550.34(45)</subfield></datafield><datafield ind1=" " ind2=" " tag="100"><subfield code="a">Cancani, Adolfo</subfield></datafield><datafield ind1=" " ind2=" " tag="245"><subfield code="a">Notizie sui terremoti osservati in italia dura nte l anno 1902</subfield></datafield><datafield ind1=" " ind2=" " tag="260"><subfield code="a">Roma, R.Ufficio Centrale Di Meteorologia E Geo Dinamica, /... / 106 P</subfield></datafield><datafield ind1=" " ind2=" " tag="852"><subfield code="a">47596</subfield></datafield></record></collection>